@book{pont,
    title = {Patterns for Time-Triggered Embedded Systems},
    author = {Pont, M.J.},
    isbn = {0-201-331381},
    series = {Addison-Wesley},
    year = {2001},
    publisher = {ACM Press},
    keywords = {physics}
}

@book{cormen,
    title = {"Section 6.5: Priority queues". Introduction to Algorithms (2nd ed.)},
    author = {Cormen Thomas H.; Leiserson Charles E.; Rivest Ronald L.; Stein Clifford},
    isbn = {0-262-03293-7},
    series = {MIT Press},
    year = {1990},
    publisher = {McGraw-Hill},
    keywords = {computer science}
}

@book{gomaa,
    title = {Designing Concurrent, Distributed, and Real-Time Applications with UML},
    author = {Gomaa, H.},
    isbn = {9780201657937},
    series = {Object Technology Series},
    year = {2000},
    publisher = {Addison Wesley},
    keywords = {computer science}
}


@misc{tatham,
    author = "Simon Tatham",
    title = "{Coroutines in C}",
    howpublished = {\url{https://www.chiark.greenend.org.uk/~sgtatham/coroutines.html}},
    note = {Accessed: 2010-09-30}    
}
 
@misc{dunkels,
    title = {Protothreads},
    author = {Adam Dunkels},
    howpublished = {\url{http://dunkels.com/adam/pt/index.html}},
    note = {Accessed: 2010-09-30}     
}

@misc{mitlic,
    title = {The MIT License line by line - /dev/lawyer},
    author = {Mitchell, Kyle E},
    howpublished = {\url{https://writing.kemitchell.com/2016/09/21/MIT-License-Line-by-Line.html}},
    note = {Accessed: 2021-04-13}
}

@book{knuth,
    title = {The Art of Computer Programming, Volume 1},
    author = {Donald Knuth},
    isbn = { 0-201-89683-4.},
    publisher = {Addison Wesley},
    year = {1998},
    keyword = {computer science}
}